@ARTICLE{Briand02, 
author={Briand, L.C. and Melo, W.L. and Wust, J.}, 
journal={Software Engineering, IEEE Transactions on}, 
title={Assessing the applicability of fault-proneness models across object-oriented software projects}, 
year={2002}, 
volume={28}, 
number={7}, 
pages={706-720}, 
keywords={cost-benefit analysis;object-oriented programming;project management;software development management;software metrics;software reliability;splines (mathematics);statistical analysis;MARS;a-priori unknown functional form;cost-benefit model;cross-validation;economically viable tools;empirical validation;exploratory analysis technique;fault detection;fault probabilities;fault-proneness model applicability assessment;faulty class prediction;mid-size Java systems;multivariate adaptive regression splines;object-oriented software projects;organizational change;organizational learning;software design metrics;software development projects;software validation;software verification;system class ranking;Accuracy;Computer Society;Economic forecasting;Environmental economics;Fault detection;Java;Logistics;Mars;Object oriented modeling;Predictive models}, 
doi={10.1109/TSE.2002.1019484}, 
ISSN={0098-5589},}

@ONLINE{Logstic,
  author = {Bruin, J.},
  title = {newtest: command to compute new test, http://www.ats.ucla.edu/stat/stata/ado/analysis/},
  month = FEB,
  year = {2011},
  url = {}
}

@ARTICLE{Hall11, 
author={Hall, T. and Beecham, S. and Bowes, D. and Gray, D. and Counsell, S.}, 
journal={Software Engineering, IEEE Transactions on}, 
title={A Systematic Literature Review on Fault Prediction Performance in Software Engineering}, 
year={2012}, 
month={Nov}, 
volume={38}, 
number={6}, 
pages={1276-1304}, 
keywords={Bayes methods;regression analysis;software fault tolerance;software quality;contextual information;cost reduction;fault prediction models;fault prediction performance;fault prediction study;feature selection;independent variables;logistic regression;methodological information;naive Bayes;predictive performance;reliable methodology;simple modeling techniques;software engineering;software quality;systematic literature review;Analytical models;Context modeling;Data models;Fault diagnosis;Predictive models;Software testing;Systematics;Systematic literature review;software fault prediction}, 
doi={10.1109/TSE.2011.103}, 
ISSN={0098-5589},}

@article{He14,
  author    = {Peng He and
               Bing Li and
               Yutao Ma},
  title     = {Towards Cross-Project Defect Prediction with Imbalanced Feature Sets},
  journal   = {CoRR},
  volume    = {abs/1411.4228},
  year      = {2014},
  url       = {http://arxiv.org/abs/1411.4228},
  timestamp = {Mon, 01 Dec 2014 14:32:13 +0100},
  biburl    = {http://dblp.uni-trier.de/rec/bib/journals/corr/HeLM14},
  bibsource = {dblp computer science bibliography, http://dblp.org}
}

@INPROCEEDINGS{Tang99, 
author={Mei-Huei Tang and Ming-Hung Kao and Mei-Hwa Chen}, 
booktitle={Software Metrics Symposium, 1999. Proceedings. Sixth International}, 
title={An empirical study on object-oriented metrics}, 
year={1999}, 
month={}, 
pages={242-249},}

@inproceedings{Ghotra15,
	Author={Baljinder Ghotra and Shane McIntosh and Ahmed E. Hassan},
	Title = {Revisiting the Impact of Classification Techniques on the Performance of Defect Prediction Models},
	Booktitle = {Proc. of the 37th Int'l Conf. on Software Engineering (ICSE)},
	Pages = {789-800},
	series = {ICSE '15},
	Year = {2015},
	location = {Firenze, Italy},
}


@ARTICLE{Kim13, 
author={Dongsun Kim and Yida Tao and Sunghun Kim and Zeller, A.}, 
journal={Software Engineering, IEEE Transactions on}, 
title={Where Should We Fix This Bug? A Two-Phase Recommendation Model}, 
year={2013}, 
month={Nov}, 
volume={39}, 
number={11}, 
pages={1597-1610}, 
keywords={formal verification;program debugging;BugScout;Core packages;Firefox packages;Mozilla packages;bug report;debugging;speaks up;two-phase model;two-phase prediction model;two-phase recommendation model;Bug reports;machine learning;patch file prediction}, 
doi={10.1109/TSE.2013.24}, 
ISSN={0098-5589},}

@inproceedings{Arcuri11,
 author = {Arcuri, Andrea and Briand, Lionel},
 title = {A Practical Guide for Using Statistical Tests to Assess Randomized Algorithms in Software Engineering},
 booktitle = {Proceedings of the 33rd International Conference on Software Engineering},
 year = {2011},
 isbn = {978-1-4503-0445-0},
 location = {Waikiki, Honolulu, HI, USA},
 pages = {1--10},
 numpages = {10},
 publisher = {ACM},
 address = {New York, NY, USA},
} 

@article{Spearman10,
author = {Spearman, C}, 
title = {The proof and measurement of association between two things},
volume = {39}, 
number = {5}, 
pages = {1137-1150}, 
year = {2010}, 
doi = {10.1093/ije/dyq191}, 
journal = {International Journal of Epidemiology} 
}

@inproceedings{Yang09,
 author = {Yang, Qiang and Chen, Yuqiang and Xue, Gui-Rong and Dai, Wenyuan and Yu, Yong},
 title = {Heterogeneous Transfer Learning for Image Clustering via the Social Web},
 booktitle = {Proceedings of the Joint Conference of the 47th Annual Meeting of the ACL and the 4th International Joint Conference on Natural Language Processing of the AFNLP: Volume 1 - Volume 1},
  year = {2009},
 isbn = {978-1-932432-45-9},
 location = {Suntec, Singapore},
 pages = {1--9},
 numpages = {9},
 acmid = {1687880},
 publisher = {Association for Computational Linguistics},
 address = {Stroudsburg, PA, USA},
} 

@inproceedings{Zhu11,
  author    = {Yin Zhu and
               Yuqiang Chen and
               Zhongqi Lu and
               Sinno Jialin Pan and
               Gui-Rong Xue and
               Yong Yu and
               Qiang Yang},
  title     = {Heterogeneous Transfer Learning for Image Classification},
  booktitle = {AAAI},
  year      = {2011},
}

@article{Cortez09,
title = "Modeling wine preferences by data mining from physicochemical properties ",
journal = "Decision Support Systems ",
volume = "47",
number = "4",
pages = "547 - 553",
year = "2009",
issn = "0167-9236",
author = "Paulo Cortez and António Cerdeira and Fernando Almeida and Telmo Matos and José Reis",
}

@phdthesis{Hall98,
    address = {Hamilton, New Zealand},
    author = {M. A. Hall},
    school = {University of Waikato},
    title = {Correlation-based Feature Subset Selection for Machine Learning},
    year = {1998}
}

@Article{Beanplot08,
    title = {Beanplot: A Boxplot Alternative for Visual Comparison of
      Distributions},
    author = {Peter Kampstra},
    journal = {Journal of Statistical Software, Code Snippets},
    year = {2008},
    volume = {28},
    number = {1},
    pages = {1--9},
  }

@inproceedings{Dai08,
    author = {Dai, Wenyuan and Chen, Yuqiang and Xue, Gui-Rong and Yang, Qiang and Yu, Yong},
    booktitle = {NIPS},
    citeulike-article-id = {7222589},
    keywords = {cross-language, feature-based, multiview},
    pages = {353--360},
    posted-at = {2010-06-03 00:09:29},
    priority = {2},
    title = {{Translated Learning: Transfer Learning across Different Feature Spaces}},
    year = {2008}
}


@article{DAmbros12,
year={2012},
issn={1382-3256},
journal={Empirical Software Engineering},
volume={17},
number={4-5},
doi={10.1007/s10664-011-9173-9},
title={Evaluating defect prediction approaches: a benchmark and an extensive comparison},
publisher={Springer US},
keywords={Defect prediction; Source code metrics; Change metrics},
author={D'Ambros, Marco and Lanza, Michele and Robbes, Romain},
pages={531-577},
language={English}
}

@article{Munson92,
 author = {Munson, John C. and Khoshgoftaar, Taghi M.},
 title = {The Detection of Fault-Prone Programs},
 journal = {IEEE Trans. Softw. Eng.},
 issue_date = {May 1992},
 volume = {18},
 number = {5},
 month = may,
 year = {1992},
 issn = {0098-5589},
 pages = {423--433},
 numpages = {11},
 doi = {10.1109/32.135775},
 acmid = {129978},
 publisher = {IEEE Press},
 address = {Piscataway, NJ, USA},
 keywords = {computational complexity, deliberately biased data, discriminant analysis, fault-prone programs, group determination, large commercial systems, linear regression models, metric values, orthogonal complexity domains, principal-components procedure, program modules, program testing, quality control, quality measure, relatively low error rate, simple multicollinear complexity metrics, software metrics, software reliability, statistical technique, uncorrelated measures},
} 


@article{He12,
year={2012},
issn={0928-8910},
journal={Automated Software Engineering},
volume={19},
number={2},
doi={10.1007/s10515-011-0090-3},
title={An investigation on the feasibility of cross-project defect prediction},
publisher={Springer US},
keywords={Defect prediction; Cross-project; Data characteristics; Machine learning; Training data},
author={He, Zhimin and Shu, Fengdi and Yang, Ye and Li, Mingshu and Wang, Qing},
pages={167-199},
language={English}
}

@inproceedings{Klas2010,
 author = {Kl\"{a}s, Michael and Elberzhager, Frank and M\"{u}nch, J\"{u}rgen and Hartjes, Klaus and von Graevemeyer, Olaf},
 title = {Transparent combination of expert and measurement data for defect prediction: an industrial case study},
 booktitle = {Proceedings of the 32nd ACM/IEEE International Conference on Software Engineering - Volume 2},
  year = {2010},
 isbn = {978-1-60558-719-6},
 location = {Cape Town, South Africa},
 pages = {119--128},
 numpages = {10},
 doi = {10.1145/1810295.1810313},
 acmid = {1810313},
 publisher = {ACM},
 address = {New York, NY, USA},
 keywords = {HyDEEP, defect content, effectiveness, hybrid estimation}
}

@book{Matouek06,
 author = {Matouek, Jir\'{\i} and G\"{a}rtner, Bernd},
 title = {Understanding and Using Linear Programming (Universitext)},
 year = {2006},
 isbn = {3540306978},
 publisher = {Springer-Verlag New York, Inc.},
 address = {Secaucus, NJ, USA},
} 

@misc{Understand,
	Author = {{Understand 2.0}},
	title = {{http://www.scitools.com/products/}}}


@article{Guyon03,
 author = {Guyon, Isabelle and Elisseeff, Andr{\'e}},
 title = {An Introduction to Variable and Feature Selection},
 journal = {J. Mach. Learn. Res.},
 issue_date = {3/1/2003},
 volume = {3},
 month = mar,
 year = {2003},
 issn = {1532-4435},
 pages = {1157--1182},
 numpages = {26},
 acmid = {944968},
 publisher = {JMLR.org},
} 

@article{Shivaji13,
author = {S. Shivaji and E. James Whitehead and R. Akella and  Sunghun Kim},
title = {Reducing Features to Improve Code Change-Based Bug Prediction},
journal ={IEEE Transactions on Software Engineering},
volume = {39},
number = {4},
issn = {0098-5589},
year = {2013},
pages = {552-569},
publisher = {IEEE Computer Society},
address = {Los Alamitos, CA, USA},
}

@inproceedings{Jing14,
 author = {Jing, Xiao-Yuan and Ying, Shi and Zhang, Zhi-Wu and Wu, Shan-Shan and Liu, Jin},
 title = {Dictionary Learning Based Software Defect Prediction},
 booktitle = {Proceedings of the 36th International Conference on Software Engineering},
 series = {ICSE 2014},
 year = {2014},
 isbn = {978-1-4503-2756-5},
 location = {Hyderabad, India},
 pages = {414--423},
 numpages = {10},
 url = {http://doi.acm.org/10.1145/2568225.2568320},
 doi = {10.1145/2568225.2568320},
 acmid = {2568320},
 publisher = {ACM},
 address = {New York, NY, USA},
 keywords = {Software defect prediction, cost-sensitive discriminative dictionary learning (CDDL), dictionary learning, sparse representation},
} 

@article{Gao11,
 author = {Gao, Kehan and Khoshgoftaar, Taghi M. and Wang, Huanjing and Seliya, Naeem},
 title = {Choosing Software Metrics for Defect Prediction: An Investigation on Feature Selection Techniques},
 journal = {Softw. Pract. Exper.},
 issue_date = {April 2011},
 volume = {41},
 number = {5},
 month = apr,
 year = {2011},
 issn = {0038-0644},
 pages = {579--606},
 numpages = {28},
 url = {http://dx.doi.org/10.1002/spe.1043},
 doi = {10.1002/spe.1043},
 acmid = {1967103},
 publisher = {John Wiley \& Sons, Inc.},
 address = {New York, NY, USA},
 keywords = {attribute selection, defect prediction, feature ranking, feature subset selection, search-based software engineering, software metric, software quality},
} 

@ARTICLE{Hall03, 
author={Hall, M.A and Holmes, G.}, 
journal={Knowledge and Data Engineering, IEEE Transactions on}, 
title={Benchmarking attribute selection techniques for discrete class data mining}, 
year={2003}, 
month={Nov}, 
volume={15}, 
number={6}, 
pages={1437-1447}, 
keywords={Bayes methods;data mining;feature extraction;learning (artificial intelligence);pattern classification;C4.5 learning scheme;attribute ranking;attribute selection technique benchmarking;attribute utility estimation;classification learner;data engineering;discrete class data mining;naive Bayes learning scheme;predictive attribute identification;search;supervised classification;Buildings;Data engineering;Data mining;Decision trees;Fasteners;Phase noise;Predictive models;Reliability engineering;Testing;Training data}, 
doi={10.1109/TKDE.2003.1245283}, 
ISSN={1041-4347},}


@ARTICLE{Liu02,
    author = {Huiqing Liu and Jinyan Li and Limsoon Wong},
    title = {A comparative study on feature selection and classification methods using gene expression profiles and proteomic patterns},
    journal = {Genome Informatics},
    year = {2002},
    volume = {13},
    pages = {51--60}
}

@INPROCEEDINGS{Liu07, 
author={Yi Liu and Khoshgoftaar, T. and Jenq-Foung Yao}, 
booktitle={Information Reuse and Integration, 2007. IRI 2007. IEEE International Conference on}, 
title={Building a Novel GP-Based Software Quality Classifier Using Multiple Validation Datasets}, 
year={2007}, 
month={Aug}, 
pages={644-650}, 
keywords={genetic algorithms;pattern classification;software management;software metrics;software quality;NASA software project;data mining;multiple validation dataset;multiple-dataset validation;robust genetic programming;similar reliability goal;software quality classification modeling;software quality classifier;Data mining;Educational institutions;Genetic programming;NASA;Project management;Robustness;Software metrics;Software quality;System testing;Voting;genetic programming;model selection;multiple datasets;paired t-test;software metrics;software quality classification;validation}, 
doi={10.1109/IRI.2007.4296693},}

@article{Catal09,
title = "Investigating the effect of dataset size, metrics sets, and feature selection techniques on software fault prediction problem ",
journal = "Information Sciences ",
volume = "179",
number = "8",
pages = "1040 - 1058",
year = "2009",
note = "",
issn = "0020-0255",
author = "Cagatay Catal and Banu Diri",
}

@article{CHALLAGULLA08,
author = {Challagulla, Venkata Udaya B. and Bastani, Farokh B. and Yen, I-Ling and Paul, Raymond A.},
title = {Empirical Assessment of Machine Learning based Software Defect Prediction Techniques},
journal = {International Journal on Artificial Intelligence Tools},
volume = {17},
number = {02},
pages = {389-400},
year = {2008},
doi = {10.1142/S0218213008003947},
}


	
@ARTICLE{Kocaguneli13, 
author={Kocaguneli, Ekrem and Menzies, Tim and Keung, Jacky and Cok, David and Madachy, Ray}, 
journal={Software Engineering, IEEE Transactions on}, 
title={Active Learning and Effort Estimation: Finding the Essential Content of Software Effort Estimation Data}, 
year={2013}, 
volume={39}, 
number={8}, 
pages={1040-1053}, 
keywords={Complexity theory;Estimation;Euclidean distance;Frequency selective surfaces;Indexes;Labeling;Principal component analysis;Software cost estimation;active learning;analogy;k-NN}, 
doi={10.1109/TSE.2012.88}, 
ISSN={0098-5589},}



@inproceedings{Lee11,
	Author = {Lee, Taek and Nam, Jaechang and Han, Donggyun and Kim, Sunghun and Hoh, In Peter},
	Booktitle = {Proceedings of the 16th ACM SIGSOFT International Symposium on Foundations of software engineering},
	Location = {Szeged, Hungary},
	Title = {Micro Interaction Metrics for Defect Prediction},
	Year = {2011}}	
	
@ARTICLE{Lessmann08, 
author={Lessmann, S. and Baesens, B. and Mues, C. and Pietsch, S.}, 
journal={Software Engineering, IEEE Transactions on}, 
title={Benchmarking Classification Models for Software Defect Prediction: A Proposed Framework and Novel Findings}, 
year={2008}, 
volume={34}, 
number={4}, 
pages={485-496}, 
keywords={benchmark testing;software quality;statistical testing;benchmarking classification models;code attributes;fault-prone modules;metric-based classification;predictive classification models;proprietary data sets;software defect prediction;software quality;statistical testing procedures;testing efficiency;Complexity measures;Data mining;Formal methods;Statistical methods}, 
doi={10.1109/TSE.2008.35}, 
ISSN={0098-5589},}

@inproceedings{Mende10,
 author = {Mende, Thilo},
 title = {Replication of Defect Prediction Studies: Problems, Pitfalls and Recommendations},
 booktitle = {Proceedings of the 6th International Conference on Predictive Models in Software Engineering},
  year = {2010},
 isbn = {978-1-4503-0404-7},
 location = {Timisoara, Romania},
 pages = {5:1--5:10},
 articleno = {5},
 numpages = {10},
 doi = {10.1145/1868328.1868336},
 acmid = {1868336},
 publisher = {ACM},
 address = {New York, NY, USA},
 keywords = {defect prediction model, replication},
} 

@article{Li12,
year={2012},
issn={0928-8910},
journal={Automated Software Engineering},
volume={19},
number={2},
doi={10.1007/s10515-011-0092-1},
title={Sample-based software defect prediction with active and semi-supervised learning},
publisher={Springer US},
keywords={Software defect prediction; Sampling; Quality assurance; Machine learning; Active semi-supervised learning},
author={Li, Ming and Zhang, Hongyu and Wu, Rongxin and Zhou, Zhi-Hua},
pages={201-230},
language={English}
}
	
@article{Ma12,
 author = {Ma, Ying and Luo, Guangchun and Zeng, Xue and Chen, Aiguo},
 title = {Transfer learning for cross-company software defect prediction},
 journal = {Inf. Softw. Technol.},
 volume = {54},
 number = {3},
 month = {Mar.},
 year = {2012},
 pages = {248-256},
}
	
@INPROCEEDINGS{Menzies08, 
author={Menzies, T. and Marcus, A.}, 
booktitle={Software Maintenance, 2008. ICSM 2008. IEEE International Conference on}, 
title={Automated severity assessment of software defect reports}, 
year={2008}, 
pages={346-355}, 
keywords={data mining;learning (artificial intelligence);resource allocation;software engineering;NASA;automated severity assessment;machine learning techniques;mission critical systems;resource allocation;severity issue assessment;software defect reports;text mining;Automatic testing;Computer bugs;Computer science;Costs;NASA;Personnel;Robots;Software testing;System testing;Text mining}, 
doi={10.1109/ICSM.2008.4658083}, 
ISSN={1063-6773},}


@inproceedings{Nam13,
 author = {Nam, Jaechang and Pan, Sinno Jialin and Kim, Sunghun},
 title = {Transfer defect learning},
 booktitle = {Proceedings of the 2013 International Conference on Software Engineering},
  year = {2013},
 isbn = {978-1-4673-3076-3},
 location = {San Francisco, CA, USA},
 pages = {382--391},
 numpages = {10},
 acmid = {2486839},
 publisher = {IEEE Press},
 address = {Piscataway, NJ, USA},
}

@article{Pan10,
 author = {Pan, Sinno Jialin and Yang, Qiang},
 title = {A Survey on Transfer Learning},
 journal = {IEEE Trans. on Knowl. and Data Eng.},
 volume = {22},
 issue = {10},
 month = {October},
 year = {2010},
 issn = {1041-4347},
 pages = {1345--1359},
 numpages = {15},
 acmid = {1850545},
 publisher = {IEEE Educational Activities Department},
 address = {Piscataway, NJ, USA},
 keywords = {Transfer learning, survey, machine learning, data mining.},
}
@inproceedings{Peters12,
 author = {Peters, Fayola and Menzies, Tim},
 title = {Privacy and utility for defect prediction: experiments with MORPH},
 booktitle = {Proceedings of the 2012 International Conference on Software Engineering},
  year = {2012},
 isbn = {978-1-4673-1067-3},
 location = {Zurich, Switzerland},
 pages = {189--199},
 numpages = {11},
 acmid = {2337246},
 publisher = {IEEE Press},
 address = {Piscataway, NJ, USA},
} 

@INPROCEEDINGS{Street93,
   author = {{Street}, W.~N. and {Wolberg}, W.~H. and {Mangasarian}, O.~L.
	},
    title = "{Nuclear feature extraction for breast tumor diagnosis}",
booktitle = {Biomedical Image Processing and Biomedical Visualization},
     year = 1993,
      volume = 1905,
    month = jul,
    pages = {861-870},
}

@inproceedings{Pinzger2008,
 author = {Pinzger, Martin and Nagappan, Nachiappan and Murphy, Brendan},
 title = {Can developer-module networks predict failures?},
 booktitle = {Proceedings of the 16th ACM SIGSOFT International Symposium on Foundations of software engineering},
  year = {2008},
 isbn = {978-1-59593-995-1},
 location = {Atlanta, Georgia},
 pages = {2--12},
 numpages = {11},
 doi = {10.1145/1453101.1453105},
 acmid = {1453105},
 publisher = {ACM},
 address = {New York, NY, USA},
 keywords = {developer contribution network, failure prediction, network centrality measures, social network analysis},
}

@ONLINE{promise12,
     title  = "The PROMISE Repository of empirical software engineering data",
     month  = "June",
     year   = "2012",
     url    = "http://promisedata.googlecode.com",
     author = "Tim Menzies and 
               Bora Caglayan and 
               Zhimin He and 
               Ekrem Kocaguneli and 
               Joe Krall and 
               Fayola Peters and 
               Burak Turhan
              "
}

@INPROCEEDINGS{Zhang13, 
author={Feng Zhang and Mockus, A. and Ying Zou and Khomh, F. and Hassan, A.E.}, 
booktitle={Software Maintenance (ICSM), 2013 29th IEEE International Conference on}, 
title={How Does Context Affect the Distribution of Software Maintainability Metrics?}, 
year={2013}, 
month={Sept}, 
pages={350-359}, 
keywords={program testing;programming languages;software maintenance;software metrics;Cliff delta;Mann-Whitney U test;context factor;defect prediction;effort estimation;industry standards;nontrivial software systems;programming language factor;software engineering methods;software maintainability assessment;software maintainability metric distribution;source forge;Benchmark testing;Complexity theory;Computer languages;Context;Measurement;Software systems;benchmark;context;context factor;large scale;metrics;mining software repositories;sampling;software maintainability;static metrics}, 
doi={10.1109/ICSM.2013.46}, 
ISSN={1063-6773},}

@article{Turhan12,
year={2012},
issn={1382-3256},
journal={Empirical Software Engineering},
volume={17},
number={1-2},
doi={10.1007/s10664-011-9182-8},
title={On the dataset shift problem in software engineering prediction models},
url={http://dx.doi.org/10.1007/s10664-011-9182-8},
publisher={Springer US},
keywords={Dataset shift; Prediction models; Effort estimation; Defect prediction},
author={Turhan, Burak},
pages={62-74},
language={English}
}

@ARTICLE{Ostrand05, 
author={Ostrand, T.J. and Weyuker, E.J. and Bell, R.M.}, 
journal={Software Engineering, IEEE Transactions on}, 
title={Predicting the location and number of faults in large software systems}, 
year={2005}, 
month={April}, 
volume={31}, 
number={4}, 
pages={340-355}, 
keywords={binomial distribution;program testing;regression analysis;software fault tolerance;binomial regression model;large software systems;software fault prediction;software testing;Fault detection;Fault diagnosis;History;Personnel;Predictive models;Resource management;Software systems;Software testing;Sorting;System testing;Index Terms- Software faults;empirical study;fault-prone;prediction;regression model;software testing.}, 
doi={10.1109/TSE.2005.49}, 
ISSN={0098-5589},}

@INPROCEEDINGS{Canfora13, 
author={Canfora, G. and De Lucia, A. and Di Penta, M. and Oliveto, R. and Panichella, A. and Panichella, S.}, 
booktitle={Software Testing, Verification and Validation, 2013 IEEE Sixth International Conference on}, 
title={Multi-objective Cross-Project Defect Prediction}, 
year={2013}, 
month={March}, 
keywords={genetic algorithms;pattern clustering;regression analysis;search problems;software engineering;software management;GA;LOC analysis;LOC testing;Promise repository;defect-prone artifacts;generalizable prediction models;genetic algorithm;multiobjective cross-project defect prediction accuracy;multiobjective logistic regression model;project heterogeneity;software engineers;Accuracy;Data models;Inspection;Logistics;Measurement;Predictive models;Software;Cross-project defect prediction;multi-objective optimization;search-based software engineering}, 
doi={10.1109/ICST.2013.38},}

@INPROCEEDINGS{Panichella14, 
author={Panichella, A. and Oliveto, R. and De Lucia, A.}, 
booktitle={Software Maintenance, Reengineering and Reverse Engineering (CSMR-WCRE), 2014 Software Evolution Week - IEEE Conference on}, 
title={Cross-project defect prediction models: L'Union fait la force}, 
year={2014}, 
month={Feb}, 
pages={164-173}, 
keywords={learning (artificial intelligence);pattern classification;program debugging;public domain software;statistical analysis;CODEP;L'Union fait la force;classification;combined defect predictor;cross-project defect prediction models;defect-prone entity detection;machine learning techniques;open source software systems;statistical analysis;Accuracy;Context;Logistics;Measurement;Predictive models;Regression tree analysis;Software}, 
doi={10.1109/CSMR-WCRE.2014.6747166},}

@article{He14subset,
title = "An empirical study on software defect prediction with a simplified metric set ",
journal = "Information and Software Technology ",
volume = "59",
number = "0",
pages = "170 - 190",
year = "2015",
note = "",
issn = "0950-5849",
doi = "http://dx.doi.org/10.1016/j.infsof.2014.11.006",
url = "http://www.sciencedirect.com/science/article/pii/S0950584914002523",
author = "Peng He and Bing Li and Xiao Liu and Jun Chen and Yutao Ma",
keywords = "Defect prediction",
keywords = "Software metrics",
keywords = "Metric set simplification",
keywords = "Software quality "
}

@INPROCEEDINGS{Herzig13, 
author={Herzig, K. and Just, S. and Rau, A. and Zeller, A.}, 
booktitle={Software Reliability Engineering (ISSRE), 2013 IEEE 24th International Symposium on}, 
title={Predicting defects using change genealogies}, 
year={2013}, 
month={Nov}, 
pages={118-127}, 
keywords={data mining;graph theory;pattern classification;program debugging;software metrics;software quality;change genealogies;change graphs;classification models;code complexity;code dependency network metrics;data mining;defect prediction;defective source file identification;median precision;median recall;mutual dependencies;software engineering;software quality estimation;software quality prediction;Complexity theory;Computational modeling;Computer bugs;History;Measurement;Object oriented modeling;Predictive models;Data mining;Predictive models;Software engineering;Software qual-ity}, 
doi={10.1109/ISSRE.2013.6698911},}

@INPROCEEDINGS{Tosun09, 
author={Tosun, A. and Bener, A.}, 
booktitle={Empirical Software Engineering and Measurement, 2009. ESEM 2009. 3rd International Symposium on}, 
title={Reducing false alarms in software defect prediction by decision threshold optimization}, 
year={2009}, 
pages={477-480}, 
keywords={Bayes methods;pattern classification;software engineering;Naiumlve Bayes classifier;decision threshold optimization;false alarm reduction;receiver operating characteristics analyses;software defect prediction;Costs;Distributed computing;Laboratories;Nearest neighbor searches;Performance analysis;Sampling methods;Software engineering;Software measurement;Software performance;Software systems}, 
doi={10.1109/ESEM.2009.5316006}, 
ISSN={1938-6451}, 
month={Oct},}

@article{Fawcett06,
title = "An introduction to \{ROC\} analysis ",
journal = "Pattern Recognition Letters ",
volume = "27",
number = "8",
pages = "861 - 874",
year = "2006",
note = "\{ROC\} Analysis in Pattern Recognition ",
issn = "0167-8655",
doi = "http://dx.doi.org/10.1016/j.patrec.2005.10.010",
url = "http://www.sciencedirect.com/science/article/pii/S016786550500303X",
author = "Tom Fawcett",
keywords = "\{ROC\} analysis",
keywords = "Classifier evaluation",
keywords = "Evaluation metrics "
}


@inproceedings{Rahman12,
 author = {Rahman, Foyzur and Posnett, Daryl and Devanbu, Premkumar},
 title = {Recalling the ``imprecision'' of cross-project defect prediction},
 booktitle = {Proceedings of the ACM SIGSOFT 20th International Symposium on the Foundations of Software Engineering},
  year = {2012},
 isbn = {978-1-4503-1614-9},
 location = {Cary, North Carolina},
 articleno = {61},
 numpages = {11},
 doi = {10.1145/2393596.2393669},
 acmid = {2393669},
 publisher = {ACM},
 address = {New York, NY, USA},
 keywords = {empirical software engineering, fault prediction, inspection},
}

@inproceedings{Rahman13,
 author = {Rahman, Foyzur and Devanbu, Premkumar},
 title = {How, and Why, Process Metrics Are Better},
 booktitle = {Proceedings of the 2013 International Conference on Software Engineering},
  year = {2013},
 isbn = {978-1-4673-3076-3},
 location = {San Francisco, CA, USA},
 pages = {432--441},
 numpages = {10},
 acmid = {2486846},
 publisher = {IEEE Press},
 address = {Piscataway, NJ, USA},
} 

@article{Wilcoxon45,
    author = {Wilcoxon, Frank},
    doi = {10.2307/3001968},
    issn = {00994987},
    journal = {Biometrics Bulletin},
    month = dec,
    number = {6},
    pages = {80--83},
    posted-at = {2008-06-08 18:56:28},
    priority = {2},
    publisher = {International Biometric Society},
    title = {{Individual Comparisons by Ranking Methods}},
    volume = {1},
    year = {1945}
}



@inproceedings{Zimmermann08,
	Acmid = {1368161},
	Author = {Zimmermann, Thomas and Nagappan, Nachiappan},
	Booktitle = {Proceedings of the 30th international conference on Software engineering},
	Isbn = {978-1-60558-079-1},
	Keywords = {defect prediction, dependency graph, network analysis, windows server 2003},
	Numpages = {10},
	Pages = {531--540},
		Title = {Predicting defects using network analysis on dependency graphs},
	Year = {2008},}
	
@ARTICLE{Song11, 
author={Qinbao Song and Zihan Jia and Shepperd, M. and Shi Ying and Jin Liu}, 
journal={Software Engineering, IEEE Transactions on}, 
title={A General Software Defect-Proneness Prediction Framework}, 
year={2011}, 
volume={37}, 
number={3}, 
pages={356-370}, 
keywords={learning (artificial intelligence);software fault tolerance;software performance evaluation;competing learning schemes;defect predictor;scheme evaluation;software defect proneness prediction framework;Buildings;Data models;Prediction algorithms;Predictive models;Software;Training;Training data;Software defect prediction;machine learning;scheme evaluation.;software defect-proneness prediction}, 
doi={10.1109/TSE.2010.90}, 
ISSN={0098-5589},}

@ARTICLE{Shepperd13, 
author={Shepperd, M. and Qinbao Song and Zhongbin Sun and Mair, C.}, 
journal={Software Engineering, IEEE Transactions on}, 
title={Data Quality: Some Comments on the NASA Software Defect Datasets}, 
year={2013}, 
month={Sept}, 
volume={39}, 
number={9}, 
pages={1208-1215}, 
keywords={data analysis;learning (artificial intelligence);pattern classification;software reliability;IEEE Transactions on Software Engineering;NASA software defect dataset;National Aeronautics and Space Administration;data preprocessing;data quality;data replication;dataset provenance;defect-prone classification;machine learning;not-defect-prone classification;software module classification;Abstracts;Communities;Educational institutions;NASA;PROM;Software;Sun;Empirical software engineering;data quality;defect prediction;machine learning}, 
doi={10.1109/TSE.2013.11}, 
ISSN={0098-5589},}

@inproceedings{Shihab11,
 author = {Shihab, Emad and Mockus, Audris and Kamei, Yasutaka and Adams, Bram and Hassan, Ahmed E.},
 title = {High-impact defects: a study of breakage and surprise defects},
 booktitle = {Proceedings of the 19th ACM SIGSOFT symposium and the 13th European conference on Foundations of software engineering},
  year = {2011},
 isbn = {978-1-4503-0443-6},
 location = {Szeged, Hungary},
 pages = {300--310},
 numpages = {11},
 doi = {10.1145/2025113.2025155},
 acmid = {2025155},
 publisher = {ACM},
 address = {New York, NY, USA},
 keywords = {defect prediction, high-impact, process metrics},
}

@ARTICLE{Kamei13, 
author={Kamei, Y. and Shihab, E. and Adams, B. and Hassan, A.E. and Mockus, A. and Sinha, A. and Ubayashi, N.}, 
journal={Software Engineering, IEEE Transactions on}, 
title={A large-scale empirical study of just-in-time quality assurance}, 
year={2013}, 
month={June}, 
volume={39}, 
number={6}, 
pages={757-773}, 
keywords={program testing;software maintenance;software metrics;software quality;commercial projects;cost reduction;defect prediction models;defect-prone file identification;defect-prone package identification;defect-prone software change identification;just-in-time quality assurance;open source projects;risk model;risky changes;software metrics;software quality assurance activities;software repository mining;software systems;source code inspection;unit testing;Accuracy;Entropy;Measurement;Object oriented modeling;Predictive models;Quality assurance;Software;Maintenance;defect prediction;just-in-time prediction;mining software repositories;software metrics}, 
doi={10.1109/TSE.2012.70}, 
ISSN={0098-5589},}

@inproceedings{Giger12,
 author = {Giger, Emanuel and D'Ambros, Marco and Pinzger, Martin and Gall, Harald C.},
 title = {Method-level Bug Prediction},
 booktitle = {Proceedings of the ACM-IEEE International Symposium on Empirical Software Engineering and Measurement},
  year = {2012},
 isbn = {978-1-4503-1056-7},
 location = {Lund, Sweden},
 pages = {171--180},
 numpages = {10},
 doi = {10.1145/2372251.2372285},
 acmid = {2372285},
 publisher = {ACM},
 address = {New York, NY, USA},
 keywords = {code metrics, fine-grained source code changes, method-level bug prediction},
} 

@inproceedings{Meneely2008,
	Author = {Meneely, Andrew and Williams, Laurie and Snipes, Will and Osborne, Jason},
	Booktitle = {Proceedings of the 16th ACM SIGSOFT International Symposium on Foundations of software engineering},
	Isbn = {978-1-59593-995-1},
	Location = {Atlanta, Georgia},
	Pages = {13--23},
	Title = {Predicting failures with developer networks and social network analysis},
	Year = {2008},
}

@article{Turhan09,
 author = {Turhan, Burak and Menzies, Tim and Bener, Ay\c{s}e B. and Di Stefano, Justin},
 title = {On the relative value of cross-company and within-company data for defect prediction},
 journal = {Empirical Softw. Eng.},
 volume = {14},
 issue = {5},
 month = {October},
 year = {2009},
 issn = {1382-3256},
 pages = {540--578},
 numpages = {39},
 doi = {10.1007/s10664-008-9103-7},
 acmid = {1612782},
 publisher = {Kluwer Academic Publishers},
 address = {Hingham, MA, USA},
 keywords = {Cross-company, Defect prediction, Learning, Metrics (product metrics), Nearest-neighbor filtering, Within-company},
}

@inproceedings{Valentini03,
  author    = {Giorgio Valentini and
               Thomas G. Dietterich},
  title     = {Low Bias Bagged Support Vector Machines},
  booktitle = {Proceedings of the Twentieth International Conference on Machine Learning},
  year      = {2003},
  pages     = {752--759},
 location = {Washington, DC, {USA}},
 publisher = {{AAAI} Press},
}


@article{Weka,
	Acmid = {1656278},
	Author = {Hall, Mark and Frank, Eibe and Holmes, Geoffrey and Pfahringer, Bernhard and Reutemann, Peter and Witten, Ian H.},
	Issn = {1931-0145},
	Issue = {1},
	Journal = {SIGKDD Explor. Newsl.},
	Month = {November},
	Numpages = {9},
	Pages = {10--18},
	Title = {The WEKA data mining software: an update},
	Volume = {11},
	Year = {2009},
}
	
@book{Halstead77,
 author = {Halstead, Maurice H.},
 title = {Elements of Software Science (Operating and Programming Systems Series)},
 year = {1977},
 isbn = {0444002057},
 publisher = {Elsevier Science Inc.},
 address = {New York, NY, USA},
}

@ARTICLE{McCabe76, 
author={McCabe, T.J.}, 
journal={Software Engineering, IEEE Transactions on}, 
title={A Complexity Measure}, 
year={1976}, 
month={Dec}, 
volume={SE-2}, 
number={4}, 
pages={308-320}, 
keywords={Basis;complexity measure;control flow;decomposition;graph theory;independence;linear;modularization;programming;reduction;software;testing;Fluid flow measurement;Graph theory;Linear programming;National security;Software engineering;Software maintenance;Software measurement;Software systems;Software testing;System testing;Basis;complexity measure;control flow;decomposition;graph theory;independence;linear;modularization;programming;reduction;software;testing}, 
doi={10.1109/TSE.1976.233837}, 
ISSN={0098-5589},}

@article{Basili96,
	Acmid = {239308},
	Author = {Basili, Victor R. and Briand, Lionel C. and Melo, Walc\'{e}lio L.},
	Doi = {10.1109/32.544352},
	Issn = {0098-5589},
	Issue = {10},
	Journal = {IEEE Trans. Softw. Eng.},
	Keywords = {Object-oriented design metrics, error prediction model, object-oriented software development, C++ programming language.},
	Month = {October},
	Numpages = {11},
	Pages = {751--761},
	Title = {A Validation of Object-Oriented Design Metrics as Quality Indicators},
	Volume = {22},
	Year = {1996},}
	
@inproceedings{Wu11,
	Author = {Wu, Rongxin and Zhang, Hongyu and Kim, Sunghun and Cheung, S.C.},
	Booktitle = {Proceedings of the 16th ACM SIGSOFT International Symposium on Foundations of software engineering},
	Location = {Szeged, Hungary},
	Title = {ReLink: Recovering Links between Bugs and Changes},
	Year = {2011}}	

@inproceedings{Zimmermann09,
 author = {Zimmermann, Thomas and Nagappan, Nachiappan and Gall, Harald and Giger, Emanuel and Murphy, Brendan},
 title = {Cross-project defect prediction: a large scale experiment on data vs. domain vs. process},
 booktitle = {Proceedings of the the 7th joint meeting of the European software engineering conference and the ACM SIGSOFT symposium on The foundations of software engineering},
  year = {2009},
 isbn = {978-1-60558-001-2},
 location = {Amsterdam, The Netherlands},
 pages = {91--100},
 numpages = {10},
 doi = {http://doi.acm.org/10.1145/1595696.1595713},
 acmid = {1595713},
 publisher = {ACM},
 address = {New York, NY, USA},
 keywords = {churn, cross-project, decision trees, defect prediction, logistic regression, prediction quality},
}

@inproceedings{Zhang14,
 author = {Zhang, Feng and Mockus, Audris and Keivanloo, Iman and Zou, Ying},
 title = {Towards Building a Universal Defect Prediction Model},
 booktitle = {Proceedings of the 11th Working Conference on Mining Software Repositories},
 series = {MSR 2014},
 year = {2014},
 isbn = {978-1-4503-2863-0},
 location = {Hyderabad, India},
 pages = {182--191},
 numpages = {10},
 url = {http://doi.acm.org/10.1145/2597073.2597078},
 doi = {10.1145/2597073.2597078},
 acmid = {2597078},
 publisher = {ACM},
 address = {New York, NY, USA},
 keywords = {Universal defect prediction model, bug, context factors, defect, defect prediction, large scale, quality, rank transformation},
} 

@article{Ryu14,
year={2014},
issn={1382-3256},
journal={Empirical Software Engineering},
doi={10.1007/s10664-014-9346-4},
title={Value-cognitive boosting with a support vector machine for cross-project defect prediction},
url={http://dx.doi.org/10.1007/s10664-014-9346-4},
publisher={Springer US},
keywords={Boosting; Class imbalance; Cross-project defect prediction; Transfer learning},
author={Ryu, Duksan and Choi, Okjoo and Baik, Jongmoon},
pages={1-29},
language={English}
}


@inproceedings{Watanabe08,
 author = {Watanabe, Shinya and Kaiya, Haruhiko and Kaijiri, Kenji},
 title = {Adapting a Fault Prediction Model to Allow Inter Languagereuse},
 booktitle = {Proceedings of the 4th International Workshop on Predictor Models in Software Engineering},
  year = {2008},
 isbn = {978-1-60558-036-4},
 location = {Leipzig, Germany},
 pages = {19--24},
 numpages = {6},
 acmid = {1370794},
 publisher = {ACM},
 address = {New York, NY, USA},
 keywords = {error prone, inter language prediction, metrics, open source},
} 

@inproceedings{Fukushima14,
 author = {Fukushima, Takafumi and Kamei, Yasutaka and McIntosh, Shane and Yamashita, Kazuhiro and Ubayashi, Naoyasu},
 title = {An Empirical Study of Just-in-time Defect Prediction Using Cross-project Models},
 booktitle = {Proceedings of the 11th Working Conference on Mining Software Repositories},
  year = {2014},
 isbn = {978-1-4503-2863-0},
 location = {Hyderabad, India},
 pages = {172--181},
 numpages = {10},
 doi = {10.1145/2597073.2597075},
 acmid = {2597075},
 publisher = {ACM},
 address = {New York, NY, USA},
 keywords = {Empirical study, software quality},
}

@article{Chidamber94,
	Acmid = {631131},
	Author = {Chidamber, S. R. and Kemerer, C. F.},
	Doi = {10.1109/32.295895},
	Issn = {0098-5589},
	Issue = {6},
	Journal = {IEEE Trans. Softw. Eng.},
	Keywords = {automated data collection tool, measurement principles, metrics suite, object oriented design, object oriented programming, object-oriented methods, object-oriented programming, organization, process improvement, software development, software measures, software metrics},
	Month = {June},
	Numpages = {18},
	Pages = {476--493},
	Title = {A Metrics Suite for Object Oriented Design},
	Volume = {20},
	Year = {1994},}
	
@article{Menzies07,
	Acmid = {1248734},
	Author = {Menzies, Tim and Greenwald, Jeremy and Frank, Art},
	Doi = {10.1109/TSE.2007.10},
	Issn = {0098-5589},
	Issue = {1},
	Journal = {IEEE Trans. Softw. Eng.},
	Keywords = {Data mining detect prediction, McCabe, Halstead, artifical intelligence, empirical, naive Bayes.},
	Month = {January},
	Numpages = {12},
	Pages = {2--13},
	Title = {Data Mining Static Code Attributes to Learn Defect Predictors},
	Volume = {33},
	Year = {2007},}
	
@article{Massey51,
author = {Massey, Frank J.},
title = {The Kolmogorov-Smirnov Test for Goodness of Fit},
journal = {Journal of the American Statistical Association},
volume = {46},
number = {253},
pages = {68-78},
year = {1951},
doi = {10.1080/01621459.1951.10500769},
}

@article{Lilliefors67,
     title = {On the Kolmogorov-Smirnov Test for Normality with Mean and Variance Unknown},
     author = {Lilliefors, Hubert W.},
     journal = {Journal of the American Statistical Association},
     jstor_issuetitle = {},
     volume = {62},
     number = {318},
     jstor_formatteddate = {Jun., 1967},
     pages = {pp. 399-402},
     ISSN = {01621459},
     language = {English},
     year = {1967},
     publisher = {American Statistical Association},
     copyright = {Copyright � 1967 American Statistical Association},
}

@book{Corder09,
    author = {Corder, G. W. and Foreman, D. I.},
    citeulike-article-id = {9670296},
    posted-at = {2011-08-15 15:21:51},
    priority = {2},
    publisher = {New Jersey: Wiley},
    title = {{Nonparametric Statistics for Non-Statisticians: A Step-by-Step Approach}},
    year = {2009}
}